<?xml version="1.0" encoding="UTF-8"?><collection xmlns="http://www.loc.gov/MARC21/slim"><record><leader>00512nam--2200181-i-4500</leader><controlfield tag="001">000047855</controlfield><controlfield tag="002">20161230</controlfield><controlfield tag="005">20170119002940</controlfield><controlfield tag="008">060222s1000------------r-----000-0-ger-d</controlfield><datafield ind1=" " ind2=" " tag="040"><subfield code="a">IFIN-HH</subfield></datafield><datafield ind1=" " ind2=" " tag="041"><subfield code="a">ger</subfield></datafield><datafield ind1=" " ind2=" " tag="080"><subfield code="a">539.124.143:574:61</subfield></datafield><datafield ind1="1" ind2=" " tag="100"><subfield code="a">Wyard, S. J</subfield></datafield><datafield ind1="1" ind2="0" tag="245"><subfield code="a">Elektronenspinresonanz und andere spektroskopische methoden in biologie und medizin</subfield><subfield code="c">S.J. Ward</subfield></datafield><datafield ind1=" " ind2=" " tag="260"><subfield code="a">Berlin</subfield><subfield code="b">Akademie Verlag</subfield><subfield code="c">1973</subfield></datafield><datafield ind1=" " ind2=" " tag="300"><subfield code="a">XIV + 434 p</subfield></datafield><datafield ind1=" " ind2=" " tag="852"><subfield code="a">41927</subfield><subfield code="c">539.163.2</subfield></datafield><datafield ind1=" " ind2=" " tag="CAT"><subfield code="a">SYS</subfield><subfield code="c">20170119</subfield><subfield code="h">002940</subfield></datafield></record></collection>